<record><leader>01854pam a2200445 i 4500</leader><controlfield tag="001">6678945</controlfield><controlfield tag="003">OCoLC</controlfield><controlfield tag="005">20150311142306.0</controlfield><controlfield tag="008">140325s2015    enkg     b    001 0 eng  </controlfield><datafield ind1=" " ind2=" " tag="010"><subfield code="a">  2014012040</subfield></datafield><datafield ind1=" " ind2=" " tag="020"><subfield code="a">9780754607038 (hardcover : alk. paper)</subfield></datafield><datafield ind1=" " ind2=" " tag="020"><subfield code="a">0754607038 (hardcover : alk. paper)</subfield></datafield><datafield ind1=" " ind2=" " tag="035"><subfield code="a">ocn875675105</subfield></datafield><datafield ind1=" " ind2=" " tag="039"><subfield code="a">exclude</subfield></datafield><datafield ind1=" " ind2=" " tag="040"><subfield code="a">DLC</subfield><subfield code="b">eng</subfield><subfield code="e">rda</subfield><subfield code="c">DLC</subfield><subfield code="d">YDXCP</subfield><subfield code="d">BTCTA</subfield><subfield code="d">CHVBK</subfield><subfield code="d">OCLCO</subfield><subfield code="d">OCLCF</subfield><subfield code="d">AEU</subfield></datafield><datafield ind1=" " ind2=" " tag="042"><subfield code="a">pcc</subfield></datafield><datafield ind1=" " ind2=" " tag="043"><subfield code="a">a-ir---</subfield></datafield><datafield ind1="0" ind2="0" tag="050"><subfield code="a">ML344</subfield><subfield code="b">.N66 2015</subfield></datafield><datafield ind1="0" ind2="0" tag="082"><subfield code="a">780.955</subfield><subfield code="2">23</subfield></datafield><datafield ind1=" " ind2=" " tag="090"><subfield code="a">ML344 .N66 2015</subfield><subfield code="b">AEGMCT</subfield></datafield><datafield ind1=" " ind2=" " tag="090"><subfield code="a">ML 344 N66 2015</subfield><subfield code="b">AEU</subfield></datafield><datafield ind1="1" ind2=" " tag="100"><subfield code="a">Nooshin, Laudan,</subfield><subfield code="e">author.</subfield></datafield><datafield ind1="1" ind2="0" tag="245"><subfield code="a">Iranian classical music :</subfield><subfield code="b">the discourses and practice of creativity /</subfield><subfield code="c">Laudan Nooshin (City University, London, UK).</subfield></datafield><datafield ind1=" " ind2="1" tag="264"><subfield code="a">Farnham, Surrey ;</subfield><subfield code="a">Burlington, VT :</subfield><subfield code="b">Ashgate,</subfield><subfield code="c">[2015]</subfield></datafield><datafield ind1=" " ind2=" " tag="300"><subfield code="a">xiv, 242 pages :</subfield><subfield code="b">music ;</subfield><subfield code="c">26 cm. +</subfield><subfield code="e">1 CD (4 3/4 in.).</subfield></datafield><datafield ind1=" " ind2=" " tag="336"><subfield code="a">text</subfield><subfield code="2">rdacontent</subfield></datafield><datafield ind1=" " ind2=" " tag="337"><subfield code="a">unmediated</subfield><subfield code="2">rdamedia</subfield></datafield><datafield ind1=" " ind2=" " tag="338"><subfield code="a">volume</subfield><subfield code="2">rdacarrier</subfield></datafield><datafield ind1="1" ind2=" " tag="490"><subfield code="a">SOAS musicology series</subfield></datafield><datafield ind1=" " ind2=" " tag="504"><subfield code="a">Includes bibliographical references (pages 217-233) and index.</subfield></datafield><datafield ind1=" " ind2=" " tag="596"><subfield code="a">16 43 56</subfield></datafield><datafield ind1=" " ind2="0" tag="650"><subfield code="a">Music</subfield><subfield code="z">Iran</subfield><subfield code="x">History and criticism.</subfield></datafield><datafield ind1=" " ind2="0" tag="830"><subfield code="a">SOAS musicology series.</subfield></datafield><datafield ind1=" " ind2=" " tag="949"><subfield code="a">ML344 .N66 2015</subfield><subfield code="h">GMCA-OS-B</subfield><subfield code="i">1007404773</subfield><subfield code="p">165.04</subfield><subfield code="k">AVAIL_SOON</subfield></datafield><datafield ind1=" " ind2=" " tag="019"><subfield code="a">660133931</subfield></datafield><datafield ind1="1" ind2=" " tag="029"><subfield code="a">CHVBK</subfield><subfield code="b">330438506</subfield></datafield><datafield ind1="1" ind2=" " tag="029"><subfield code="a">CHDSB</subfield><subfield code="b">006314483</subfield></datafield><datafield ind1=" " ind2=" " tag="926"><subfield code="a">ML344 .N66 2015</subfield><subfield code="w">LC</subfield><subfield code="c">1</subfield><subfield code="i">1007404773</subfield><subfield code="d">4/4/2017</subfield><subfield code="e">4/4/2017</subfield><subfield code="k">CHECKEDOUT</subfield><subfield code="l">ON_SHELF</subfield><subfield code="m">GR_MAC_CAC</subfield><subfield code="n">4</subfield><subfield code="p">$165.04</subfield><subfield code="r">M</subfield><subfield code="s">Y</subfield><subfield code="t">BOOK</subfield><subfield code="u">4/14/2015</subfield></datafield><datafield ind1=" " ind2=" " tag="926"><subfield code="a">ML 344 N66 2015</subfield><subfield code="w">LC</subfield><subfield code="c">1</subfield><subfield code="i">0162028241279</subfield><subfield code="d">4/6/2017</subfield><subfield code="e">4/6/2017</subfield><subfield code="k">CHECKEDOUT</subfield><subfield code="l">ON_SHELF</subfield><subfield code="m">UAAUG</subfield><subfield code="n">6</subfield><subfield code="p">$150.00</subfield><subfield code="r">M</subfield><subfield code="s">Y</subfield><subfield code="t">BOOK</subfield><subfield code="u">7/2/2015</subfield><subfield code="z">COUTTS_ADD</subfield></datafield><datafield ind1=" " ind2=" " tag="926"><subfield code="a">ML 344 N66 2015</subfield><subfield code="w">LC</subfield><subfield code="c">1</subfield><subfield code="i">0162034817609</subfield><subfield code="d">1/31/2017</subfield><subfield code="e">1/31/2017</subfield><subfield code="k">CHECKEDOUT</subfield><subfield code="l">MUSIC</subfield><subfield code="m">UAHSS</subfield><subfield code="n">5</subfield><subfield code="p">$150.00</subfield><subfield code="r">M</subfield><subfield code="s">Y</subfield><subfield code="t">BOOK</subfield><subfield code="u">7/22/2015</subfield><subfield code="z">COUTTS_ADD</subfield></datafield></record>